<?xml version="1.0" encoding="UTF-8"?><record xmlns="http://www.loc.gov/MARC21/slim" xmlns:cinclude="http://apache.org/cocoon/include/1.0" xmlns:zs="http://www.loc.gov/zing/srw/">
  <leader>01238cz  a2200229n  4500</leader>
  <controlfield tag="001">no2011099832</controlfield>
  <controlfield tag="003">DLC</controlfield>
  <controlfield tag="005">20161228073724.0</controlfield>
  <controlfield tag="008">110628n| azannaabn          |a aaa     c</controlfield>
  <datafield tag="010" ind1=" " ind2=" ">
    <subfield code="a">no2011099832</subfield>
  </datafield>
  <datafield tag="035" ind1=" " ind2=" ">
    <subfield code="a">(OCoLC)oca08899994</subfield>
  </datafield>
  <datafield tag="040" ind1=" " ind2=" ">
    <subfield code="a">DGW-L</subfield>
    <subfield code="b">eng</subfield>
    <subfield code="e">rda</subfield>
    <subfield code="c">DGW-L</subfield>
    <subfield code="d">MvI</subfield>
  </datafield>
  <datafield tag="046" ind1=" " ind2=" ">
    <subfield code="f">1945</subfield>
    <subfield code="2">edtf</subfield>
  </datafield>
  <datafield tag="100" ind1="1" ind2=" ">
    <subfield code="a">Janssen, Paul,</subfield>
    <subfield code="d">1945-</subfield>
  </datafield>
  <datafield tag="370" ind1=" " ind2=" ">
    <subfield code="a">Nijmegen (Netherlands)</subfield>
    <subfield code="c">Netherlands</subfield>
    <subfield code="2">naf</subfield>
  </datafield>
  <datafield tag="372" ind1=" " ind2=" ">
    <subfield code="a">Law</subfield>
    <subfield code="a">Education, Higher</subfield>
    <subfield code="2">lcsh</subfield>
  </datafield>
  <datafield tag="373" ind1=" " ind2=" ">
    <subfield code="a">Open Universiteit (Heerlen, Netherlands)</subfield>
    <subfield code="s">1984</subfield>
    <subfield code="2">naf</subfield>
  </datafield>
  <datafield tag="374" ind1=" " ind2=" ">
    <subfield code="a">College teachers</subfield>
    <subfield code="2">lcsh</subfield>
  </datafield>
  <datafield tag="375" ind1=" " ind2=" ">
    <subfield code="a">male</subfield>
  </datafield>
  <datafield tag="400" ind1="1" ind2=" ">
    <subfield code="a">Janssen, Paulus Eduard Leopold,</subfield>
    <subfield code="d">1945-</subfield>
  </datafield>
  <datafield tag="670" ind1=" " ind2=" ">
    <subfield code="a">Geweld als oorsprong van de samenleving, 1991:</subfield>
    <subfield code="b">thesis title page (Paulus Eduard Leopold Janssen; born in Nijmegen)</subfield>
  </datafield>
  <datafield tag="670" ind1=" " ind2=" ">
    <subfield code="a">Open Universiteit (Heerlen, Netherlands) web site, June 28, 2011:</subfield>
    <subfield code="b">faculty, law (Paul Janssen; born in 1945; joined the Faculty of Law in 1984; studied Dutch law at the Erasmus University in Rotterdam; studied international private and public law at the Hague Academy of International Law; studied tax studies at the Catholic University of Brabant in Tilburg and Provo; Ph.D. from Vrije Universiteit in Amsterdam  in 1991;publications: Geweld als oorsprong van de samenleving, 1991)</subfield>
  </datafield>
</record>